<record><leader>00000cas a2200000 a 4500</leader><controlfield tag="001">36383811</controlfield><controlfield tag="008">970213d19341939ohuwr n       0    0eng c</controlfield><datafield ind1=" " ind2=" " tag="010"><subfield code="a">sn 97021187 </subfield></datafield><datafield ind1=" " ind2=" " tag="040"><subfield code="a">CRL</subfield><subfield code="b">eng</subfield><subfield code="c">CRL</subfield><subfield code="d">OCL</subfield><subfield code="d">OCLCQ</subfield><subfield code="d">OCLCF</subfield><subfield code="d">OCLCO</subfield><subfield code="d">OCLCA</subfield></datafield><datafield ind1="1" ind2=" " tag="029"><subfield code="a">AU@</subfield><subfield code="b">000013091896</subfield></datafield><datafield ind1=" " ind2=" " tag="042"><subfield code="a">pcc</subfield></datafield><datafield ind1=" " ind2=" " tag="043"><subfield code="a">n-us-oh</subfield></datafield><datafield ind1="0" ind2="4" tag="245"><subfield code="a">The union leader.</subfield></datafield><datafield ind1=" " ind2=" " tag="260"><subfield code="a">Toledo, Ohio :</subfield><subfield code="b">Toledo Central Labor Union,</subfield><subfield code="c">[1934-1939]</subfield></datafield><datafield ind1=" " ind2=" " tag="300"><subfield code="a">7 v. :</subfield><subfield code="b">ill. ;</subfield><subfield code="c">58 cm.</subfield></datafield><datafield ind1=" " ind2=" " tag="310"><subfield code="a">Weekly</subfield></datafield><datafield ind1="0" ind2=" " tag="362"><subfield code="a">26th year, no. 38 (Feb. 2, 1934)-33rd year, no. 11 (Sept. 22, 1939).</subfield></datafield><datafield ind1=" " ind2=" " tag="500"><subfield code="a">"Official union labor paper of Northwestern Ohio and adjacent Michigan towns."</subfield></datafield><datafield ind1=" " ind2=" " tag="515"><subfield code="a">Numbering irregular.</subfield></datafield><datafield ind1=" " ind2=" " tag="530"><subfield code="a">Also issued on microfilm from University Microfilms International.</subfield></datafield><datafield ind1=" " ind2="0" tag="650"><subfield code="a">Labor unions</subfield><subfield code="z">Ohio</subfield><subfield code="v">Newspapers.</subfield></datafield><datafield ind1=" " ind2="0" tag="650"><subfield code="a">Labor unions</subfield><subfield code="z">Michigan</subfield><subfield code="v">Newspapers.</subfield></datafield><datafield ind1=" " ind2="0" tag="651"><subfield code="a">Toledo (Ohio)</subfield><subfield code="v">Newspapers.</subfield></datafield><datafield ind1=" " ind2="7" tag="655"><subfield code="a">Newspapers.</subfield><subfield code="2">fast</subfield><subfield code="0">(OCoLC)fst01423814</subfield></datafield><datafield ind1=" " ind2="7" tag="650"><subfield code="a">Labor unions.</subfield><subfield code="2">fast</subfield><subfield code="0">(OCoLC)fst00990260</subfield></datafield><datafield ind1=" " ind2="7" tag="651"><subfield code="a">Michigan.</subfield><subfield code="2">fast</subfield><subfield code="0">(OCoLC)fst01208387</subfield></datafield><datafield ind1=" " ind2="7" tag="651"><subfield code="a">Ohio.</subfield><subfield code="2">fast</subfield><subfield code="0">(OCoLC)fst01205075</subfield></datafield><datafield ind1=" " ind2="7" tag="651"><subfield code="a">Ohio</subfield><subfield code="z">Toledo.</subfield><subfield code="2">fast</subfield><subfield code="0">(OCoLC)fst01211740</subfield></datafield><datafield ind1="2" ind2=" " tag="710"><subfield code="a">Central Labor Union (Toledo, Ohio)</subfield></datafield><datafield ind1=" " ind2=" " tag="752"><subfield code="a">United States</subfield><subfield code="b">Ohio</subfield><subfield code="c">Lucas</subfield><subfield code="d">Toledo.</subfield></datafield><datafield ind1="0" ind2="0" tag="780"><subfield code="t">Toledo union leader (Toledo, Ohio : 1907)</subfield><subfield code="w">(DLC)sn 87076702</subfield><subfield code="w">(OCoLC)10972548</subfield></datafield><datafield ind1="0" ind2="0" tag="785"><subfield code="t">Toledo union leader (Toledo, Ohio : 1939)</subfield><subfield code="w">(DLC)sn 97021188</subfield><subfield code="w">(OCoLC)36383869</subfield></datafield><datafield ind1=" " ind2=" " tag="850"><subfield code="a">ICRL</subfield></datafield></record>